@article{bala2012fault,
  title={Fault tolerance-challenges, techniques and implementation in cloud computing},
  author={Bala, Anju and Chana, Inderveer},
  journal={International Journal of Computer Science Issues (IJCSI)},
  volume={9},
  number={1},
  pages={288},
  year={2012},
  publisher={International Journal of Computer Science Issues (IJCSI)}
}

@article{cheraghlou2016survey,
  title={A survey of fault tolerance architecture in cloud computing},
  author={Cheraghlou, Mehdi Nazari and Khadem-Zadeh, Ahmad and Haghparast, Majid},
  journal={Journal of Network and Computer Applications},
  volume={61},
  pages={81--92},
  year={2016},
  publisher={Elsevier}
}

@article{amin2015review,
  title={Review on fault tolerance techniques in cloud computing},
  author={Amin, Zeeshan and Singh, Harshpreet and Sethi, Nisha},
  journal={International Journal of Computer Applications},
  volume={116},
  number={18},
  year={2015},
  publisher={Foundation of Computer Science}
}

@inproceedings{ataallah2015fault,
  title={Fault tolerance in cloud computing-survey},
  author={Ataallah, Salma MA and Nassar, Salwa M and Hemayed, Elsayed E},
  booktitle={2015 11th International Computer Engineering Conference (ICENCO)},
  pages={241--245},
  year={2015},
  organization={IEEE}
}

@misc{andersonfault,
  title={Fault tolerance: Principles and practice, 1981},
  author={Anderson, T and Lee, PA},
  publisher={Prentice Hall}
}

@article{jhawar2012fault,
  title={Fault tolerance management in cloud computing: A system-level perspective},
  author={Jhawar, Ravi and Piuri, Vincenzo and Santambrogio, Marco},
  journal={IEEE Systems Journal},
  volume={7},
  number={2},
  pages={288--297},
  year={2012},
  publisher={IEEE}
}

@incollection{shani2011evaluating,
  title={Evaluating recommendation systems},
  author={Shani, Guy and Gunawardana, Asela},
  booktitle={Recommender systems handbook},
  pages={257--297},
  year={2011},
  publisher={Springer}
}

@incollection{pazzani2007content,
  title={Content-based recommendation systems},
  author={Pazzani, Michael J and Billsus, Daniel},
  booktitle={The adaptive web},
  pages={325--341},
  year={2007},
  publisher={Springer}
}

@article{isinkaye2015recommendation,
  title={Recommendation systems: Principles, methods and evaluation},
  author={Isinkaye, FO and Folajimi, YO and Ojokoh, BA},
  journal={Egyptian Informatics Journal},
  volume={16},
  number={3},
  pages={261--273},
  year={2015},
  publisher={Elsevier}
}

@article{mell2011nist,
  title={The NIST definition of cloud computing},
  author={Mell, Peter and Grance, Tim and others},
  year={2011},
  publisher={Computer Security Division, Information Technology Laboratory, National~…}
}

@inproceedings{tsai2010service,
  title={Service-oriented cloud computing architecture},
  author={Tsai, Wei-Tek and Sun, Xin and Balasooriya, Janaka},
  booktitle={2010 seventh international conference on information technology: new generations},
  pages={684--689},
  year={2010},
  organization={IEEE}
}

@article{lohr2007google,
  title={Google and IBM join in ‘cloud computing’research},
  author={Lohr, Steve},
  journal={New York Times},
  volume={8},
  year={2007}
}

@article{berman2012cloud,
  title={How cloud computing enables process and business model innovation},
  author={Berman, Saul J and Kesterson-Townes, Lynn and Marshall, Anthony and Srivathsa, Rohini},
  journal={Strategy \& Leadership},
  volume={40},
  number={4},
  pages={27--35},
  year={2012},
  publisher={Emerald Group Publishing Limited}
}

@inproceedings{zhou2010impact,
  title={The impact of YouTube recommendation system on video views},
  author={Zhou, Renjie and Khemmarat, Samamon and Gao, Lixin},
  booktitle={Proceedings of the 10th ACM SIGCOMM conference on Internet measurement},
  pages={404--410},
  year={2010},
  organization={ACM}
}

@article{resnick1997recommender,
  title={Recommender systems},
  author={Resnick, Paul and Varian, Hal R},
  journal={Communications of the ACM},
  volume={40},
  number={3},
  pages={56--59},
  year={1997},
  publisher={Association for Computing Machinery, Inc.}
}

@article{good1999combining,
  title={Combining collaborative filtering with personal agents for better recommendations},
  author={Good, Nathaniel and Schafer, J Ben and Konstan, Joseph A and Borchers, Al and Sarwar, Badrul and Herlocker, Jon and Riedl, John and others},
  journal={AAAI/IAAI},
  volume={439},
  year={1999}
}

@incollection{burke2007hybrid,
  title={Hybrid web recommender systems},
  author={Burke, Robin},
  booktitle={The adaptive web},
  pages={377--408},
  year={2007},
  publisher={Springer}
}

@inproceedings{gong2010characteristics,
  title={The characteristics of cloud computing},
  author={Gong, Chunye and Liu, Jie and Zhang, Qiang and Chen, Haitao and Gong, Zhenghu},
  booktitle={2010 39th International Conference on Parallel Processing Workshops},
  pages={275--279},
  year={2010},
  organization={IEEE}
}

@inproceedings{malik2011adaptive,
  title={Adaptive fault tolerance in real time cloud computing},
  author={Malik, Sheheryar and Huet, Fabrice},
  booktitle={2011 IEEE World Congress on Services},
  pages={280--287},
  year={2011},
  organization={IEEE}
}

@article{kumari2018survey,
  title={A survey of fault tolerance in cloud computing},
  author={Kumari, Priti and Kaur, Parmeet},
  journal={Journal of King Saud University-Computer and Information Sciences},
  year={2018},
  publisher={Elsevier}
}

@incollection{jain2018inspection,
  title={Inspection of Fault Tolerance in Cloud Environment},
  author={Jain, Deepanshu and Zaidi, Nabeel and Bansal, Raghav and Kumar, Praveen and Choudhury, Tanupriya},
  booktitle={Information Systems Design and Intelligent Applications},
  pages={1022--1030},
  year={2018},
  publisher={Springer}
}

@inproceedings{beutel2018latent,
  title={Latent cross: Making use of context in recurrent recommender systems},
  author={Beutel, Alex and Covington, Paul and Jain, Sagar and Xu, Can and Li, Jia and Gatto, Vince and Chi, Ed H},
  booktitle={Proceedings of the Eleventh ACM International Conference on Web Search and Data Mining},
  pages={46--54},
  year={2018},
  organization={ACM}
}

@inproceedings{gokhroo2017detecting,
  title={Detecting and mitigating faults in cloud computing environment},
  author={Gokhroo, Mohit Kumar and Govil, Mahesh Chandra and Pilli, Emmanuel S},
  booktitle={2017 3rd International Conference on Computational Intelligence \& Communication Technology (CICT)},
  pages={1--9},
  year={2017},
  organization={IEEE}
}

@article{chandra2018security,
  title={Security Approaches of Fault Tolerance using Cloud Computing Platform},
  author={Chandra, PSR and Prasad, TV and Kumari, A Pavani and Madhu, S and Prasad, I Lova},
  journal={Indian Journal of Public Health Research \& Development},
  volume={9},
  number={12},
  pages={1514--1516},
  year={2018},
  publisher={Prof.(Dr) RK Sharma}
}

@article{dwivedi2018review,
  title={A Review on Fault Tolerance Techniques and Algorithms in Green Cloud Computing},
  author={Dwivedi, Umesh and Dev, Harsh},
  journal={Journal of Computational and Theoretical Nanoscience},
  volume={15},
  number={9-10},
  pages={2689--2700},
  year={2018},
  publisher={American Scientific Publishers}
}

@article{andrade2019taxonomia,
  title={Uma taxonomia de sistemas de toler{\^a}ncia a falhas em ambientes de computa{\c{c}}{\~a}o em nuvem open source},
  author={Andrade, Vinicius Santos},
  year={2019},
  publisher={Universidade Estadual Paulista (UNESP)}
}

@article{randell1975system,
  title={System structure for software fault tolerance},
  author={Randell, Brian},
  journal={Ieee transactions on software engineering},
  number={2},
  pages={220--232},
  year={1975},
  publisher={IEEE}
}

@inproceedings{schafer1999recommender,
  title={Recommender systems in e-commerce},
  author={Schafer, J Ben and Konstan, Joseph and Riedl, John},
  booktitle={Proceedings of the 1st ACM conference on Electronic commerce},
  pages={158--166},
  year={1999},
  organization={ACM}
}

@article{schafer2001commerce,
  title={E-commerce recommendation applications},
  author={Schafer, J Ben and Konstan, Joseph A and Riedl, John},
  journal={Data mining and knowledge discovery},
  volume={5},
  number={1-2},
  pages={115--153},
  year={2001},
  publisher={Springer}
}

@inproceedings{sarwar2002recommender,
  title={Recommender systems for large-scale e-commerce: Scalable neighborhood formation using clustering},
  author={Sarwar, Badrul M and Karypis, George and Konstan, Joseph and Riedl, John},
  booktitle={Proceedings of the fifth international conference on computer and information technology},
  volume={1},
  pages={291--324},
  year={2002}
}

@inproceedings{wei2007survey,
  title={A survey of e-commerce recommender systems},
  author={Wei, Kangning and Huang, Jinghua and Fu, Shaohong},
  booktitle={2007 international conference on service systems and service management},
  pages={1--5},
  year={2007},
  organization={IEEE}
}

@article{cazella2010ciencia,
  title={A Ci{\^e}ncia da Opini{\~a}o: Estado da arte em Sistemas de Recomenda{\c{c}}{\~a}o},
  author={Cazella, S{\'\i}lvio C{\'e}sar and Nunes, MASN and Reategui, Eliseo},
  journal={Andr{\'e} Ponce de Leon F. de Carvalho; Tomasz Kowaltowski..(Org.). Jornada de Atualiza{\c{c}}{\~a}o de Inform{\'a}tica-JAI},
  pages={161--216},
  year={2010}
}

@article{kuttschreuter2004experience,
  title={Experience-based processing of risk information: the case of the millennium bug},
  author={Kuttschreuter, Marg{\^o}t and Gutteling, Jan M},
  journal={Journal of risk research},
  volume={7},
  number={1},
  pages={3--16},
  year={2004},
  publisher={Taylor \& Francis}
}

@incollection{reps1997use,
  title={The use of program profiling for software maintenance with applications to the year 2000 problem},
  author={Reps, Thomas and Ball, Thomas and Das, Manuvir and Larus, James},
  booktitle={Software Engineering—Esec/Fse'97},
  pages={432--449},
  year={1997},
  publisher={Springer}
}

@techreport{smith1997year,
  title={The Year 2000 Problem: Issues and Implications.},
  author={Smith, Dennis B and M{\"u}ller, Hausi A and Tilley, Scott R},
  year={1997},
  institution={CARNEGIE-MELLON UNIV PITTSBURGH PA SOFTWARE ENGINEERING INST}
}

@article{petersen1998y2k,
  title={The Y2K problem: Social chaos or social transformation?},
  author={Petersen, John L and Wheatley, Margaret and Kellner-Rogers, Myron},
  journal={The Futurist},
  volume={32},
  number={7},
  pages={21},
  year={1998},
  publisher={World Future Society}
}

